@article{brin1998anatomy,
  title={The anatomy of a large-scale hypertextual Web search engine},
  author={Brin, Sergey and Page, Lawrence},
  journal={Computer networks and ISDN systems},
  volume={30},
  number={1},
  pages={107--117},
  year={1998},
  publisher={Elsevier}
}

@article{strotgen2010timetrails,
  title={TimeTrails: a system for exploring spatio-temporal information in documents},
  author={Str{\"o}tgen, Jannik and Gertz, Michael},
  journal={Proceedings of the VLDB Endowment},
  volume={3},
  number={1-2},
  pages={1569--1572},
  year={2010},
  publisher={VLDB Endowment}
}

@article{bizer2009dbpedia,
  title={DBpedia-A crystallization point for the Web of Data},
  author={Bizer, Christian and Lehmann, Jens and Kobilarov, Georgi and Auer, S{\"o}ren and Becker, Christian and Cyganiak, Richard and Hellmann, Sebastian},
  journal={Web Semantics: Science, Services and Agents on the World Wide Web},
  volume={7},
  number={3},
  pages={154--165},
  year={2009},
  publisher={Elsevier}
}

